<?xml version="1.0" encoding="UTF-8"?>
<collection xmlns="http://www.loc.gov/MARC21/slim" xmlns:marc="http://www.loc.gov/MARC21/slim" xmlns:xsi="http://www.w3.org/2001/XMLSchema-instance" xsi:schemaLocation="http://www.loc.gov/MARC21/slim http://www.loc.gov/standards/marcxml/schema/MARC21slim.xsd">
  <record>
    <leader>00000npcaa2200000 u 4500</leader>
    <controlfield tag="005">20211005153727.0</controlfield>
    <controlfield tag="008">211005i19002020xxu                 eng d</controlfield>
    <datafield ind1="7" ind2=" " tag="024">
      <subfield code="a">()BCMS.0081</subfield>
      <subfield code="2">local</subfield>
    </datafield>
    <datafield ind1="" ind2="" tag="035">
      <subfield code="a">()BCMS.0081-20211005</subfield>
    </datafield>
    <datafield ind1=" " ind2=" " tag="040">
      <subfield code="b">eng</subfield>
      <subfield code="e">dacs</subfield>
    </datafield>
    <datafield ind1="0" ind2=" " tag="041">
      <subfield code="a">eng</subfield>
    </datafield>
    <datafield ind1=" " ind2=" " tag="099">
      <subfield code="a">BCMS.0081</subfield>
    </datafield>
    <datafield ind1="1" ind2=" " tag="100">
      <subfield code="a">Hamill, Pete,</subfield>
      <subfield code="d">1935-2020,</subfield>
      <subfield code="e">creator.</subfield>
    </datafield>
    <datafield ind1="1" ind2="0" tag="245">
      <subfield code="a">Pete Hamill Papers,</subfield>
      <subfield code="f">1900-2020</subfield>
      <subfield code="g">(bulk 2000-2019).</subfield>
    </datafield>
    <datafield ind1=" " ind2=" " tag="300">
      <subfield code="a">16.5</subfield>
      <subfield code="f">Linear Feet (in 13 record cartons, 1 document box, 1 legal box, and 1 oversize box. )</subfield>
    </datafield>
    <datafield ind1=" " ind2=" " tag="351">
      <subfield code="b">Original order and folder titles have been maintained. Dates and folder titles marked with an asterisk (*) have been added by the archivist. Book titles included before folder titles in the Writing series have also been added by the archivist.</subfield>
    </datafield>
    <datafield ind1=" " ind2=" " tag="506">
      <subfield code="a">The collection may only be used in the library and is not available through interlibrary loan. Requests to view the collection must be made at least 48 hours in advance of visit.</subfield>
    </datafield>
    <datafield ind1="3" ind2=" " tag="520">
      <subfield code="a">Materials documenting the career of journalist and author Pete Hamill. The bulk of the collection includes items from Hamill’s post-newspaper career, focusing on his books, speeches, public appearances, freelance articles and screenwriting.</subfield>
    </datafield>
    <datafield ind1="8" ind2=" " tag="524">
      <subfield code="a">Identification of item/descriptive title, date (if known), Pete Hamill Papers, BCMS_0081, Brooklyn Public Library, Center for Brooklyn History.</subfield>
    </datafield>
    <datafield ind1=" " ind2=" " tag="540">
      <subfield code="a">While many items in the Center for Brooklyn History are unrestricted, we do not own reproduction rights to all materials. Be aware of the several kinds of rights that might apply: copyright, licensing and trademarks. The researcher assumes all responsibility for copyright questions.</subfield>
    </datafield>
    <datafield ind1="1" ind2=" " tag="541">
      <subfield code="a">This collection was donated by Fukiko Aoki Hamill in 2021.</subfield>
    </datafield>
    <datafield ind1=" " ind2=" " tag="544">
      <subfield code="n">Brooklyn Historical Society newspaper collection ARC.258

Catholic churches of Brooklyn publications and ephemera 1986.016

Female authors of Kings County list 1995.008

Jennie Child manuscript 1973.129.</subfield>
    </datafield>
    <datafield ind1=" " ind2=" " tag="555">
      <subfield code="a">Finding aid online:</subfield>
      <subfield code="u">http://dlib.nyu.edu/findingaids/html/bhs/bcms_0081/</subfield>
    </datafield>
    <datafield ind1=" " ind2="0" tag="650">
      <subfield code="a">Journalists</subfield>
      <subfield code="z">New York (State)</subfield>
      <subfield code="z">New York</subfield>
    </datafield>
    <datafield ind1=" " ind2="0" tag="650">
      <subfield code="a">Authors, American |z New York (State) |z Kings County</subfield>
    </datafield>
    <datafield ind1=" " ind2="0" tag="650">
      <subfield code="a">Irish Americans |z New York (State) |z Kings County</subfield>
    </datafield>
    <datafield ind1=" " ind2="0" tag="650">
      <subfield code="a">Immigrants</subfield>
      <subfield code="z">New York (State)</subfield>
      <subfield code="z">Kings County</subfield>
    </datafield>
    <datafield ind1=" " ind2="0" tag="650">
      <subfield code="a">Vietnam War, 1961-1975</subfield>
    </datafield>
    <datafield ind1=" " ind2="0" tag="651">
      <subfield code="a">Manhattan (New York, N.Y.)</subfield>
    </datafield>
    <datafield ind1=" " ind2="0" tag="651">
      <subfield code="a">Belfast (Northern Ireland)</subfield>
    </datafield>
    <datafield ind1=" " ind2="7" tag="655">
      <subfield code="a">Manuscripts (document genre)</subfield>
      <subfield code="2">aat</subfield>
    </datafield>
    <datafield ind1=" " ind2="7" tag="655">
      <subfield code="a">Scripts (documents)</subfield>
      <subfield code="2">aat</subfield>
    </datafield>
    <datafield ind1=" " ind2="7" tag="655">
      <subfield code="a">Correspondence</subfield>
      <subfield code="2">aat</subfield>
    </datafield>
    <datafield ind1=" " ind2="7" tag="655">
      <subfield code="a">Speeches</subfield>
      <subfield code="2">aat</subfield>
    </datafield>
    <datafield ind1="4" ind2="2" tag="856">
      <subfield code="y">Finding aid online</subfield>
      <subfield code="u">http://dlib.nyu.edu/findingaids/html/bhs/bcms_0081/</subfield>
    </datafield>
  </record>
</collection>

